@article{mahePierceBirkhoffConjecture1984,
	title        = {On the {{Pierce-Birkhoff}} Conjecture},
	author       = {Mah√©, Louis},
	year         = 1984,
	month        = {Dec},
	journal      = {Rocky Mountain Journal of Mathematics},
	volume       = 14,
	number       = 4,
	doi          = {10.1216/rmj-1984-14-4-983},
	issn         = {0035-7596}
}

@book{bochnakRealAlgebraicGeometry1998,
	title        = {Real {{Algebraic Geometry}}},
	author       = {Bochnak, Jacek and Coste, Michel and Roy, Marie-Francoise},
	year         = 1998,
	publisher    = {Springer},
	isbn         = {3-540-64663-9},
	edition      = 1
}

@article{dehoopDeepLearningArchitectures2022,
	title        = {Deep Learning Architectures for Nonlinear Operator Functions and Nonlinear Inverse Problems},
	author       = {{de Hoop}, Maarten V and Lassas, Matti and Wong, Christopher A},
	year         = 2022,
	journal      = {Mathematical Statistics and Learning},
	volume       = 4,
	number       = 1,
	pages        = {1--86}
}